[gd_scene load_steps=18 format=3 uid="uid://bu5aetfiesdwl"]

[ext_resource type="Script" path="res://Componentes/Codigos/jugador.gd" id="1_yjxlo"]
[ext_resource type="PackedScene" uid="uid://t7i7t011gte3" path="res://Componentes/Prefabricados/interfas_de_jugador.tscn" id="2_l0j8a"]
[ext_resource type="AudioStream" uid="uid://dxlv73sx81iu3" path="res://addons/kenney digital audio/power_up_4.ogg" id="3_fw710"]
[ext_resource type="AudioStream" uid="uid://6kkvcqcekxxk" path="res://addons/kenney sci-fi sounds/laser_retro_001.ogg" id="4_gx2kj"]
[ext_resource type="AudioStream" uid="uid://pxqbvl6jtk1j" path="res://addons/kenney sci-fi sounds/force_field_004.ogg" id="5_akdmt"]
[ext_resource type="AudioStream" uid="uid://bgd5hu1jhilni" path="res://addons/kenney sci-fi sounds/impact_metal_004.ogg" id="6_851bx"]
[ext_resource type="AudioStream" uid="uid://bl7ur16bf2oy4" path="res://addons/kenney voiceover pack fighter/flawless_victory.ogg" id="7_mbwck"]
[ext_resource type="AudioStream" uid="uid://dcjbu3hkfffeq" path="res://Componentes/Audio/Laser-Ricochet3.mp3" id="8_4a2fl"]
[ext_resource type="AudioStream" uid="uid://15wqgh8ddw71" path="res://addons/kenney_interface_sounds/error_006.wav" id="9_uivnq"]

[sub_resource type="StandardMaterial3D" id="StandardMaterial3D_gk7n0"]
shading_mode = 2
albedo_color = Color(0, 0, 1, 1)

[sub_resource type="BoxMesh" id="BoxMesh_r2inl"]
size = Vector3(1.5, 1.2, 3)

[sub_resource type="StandardMaterial3D" id="StandardMaterial3D_dp71a"]
albedo_color = Color(0.392157, 0.392157, 0.392157, 1)

[sub_resource type="CylinderMesh" id="CylinderMesh_5c6bg"]
material = SubResource("StandardMaterial3D_dp71a")
top_radius = 0.1
bottom_radius = 0.1
height = 1.5

[sub_resource type="ConvexPolygonShape3D" id="ConvexPolygonShape3D_qhuj8"]
points = PackedVector3Array(0.75, 0.6, 1.5, 0.75, -0.6, 1.5, 0.75, 0.6, -1.5, -0.75, 0.6, 1.5, -0.75, -0.6, 1.5, 0.75, -0.6, -1.5, -0.75, 0.6, -1.5, -0.75, -0.6, -1.5)

[sub_resource type="StandardMaterial3D" id="StandardMaterial3D_vv4ql"]
albedo_color = Color(0.0784314, 0.0784314, 0.0784314, 1)

[sub_resource type="CylinderMesh" id="CylinderMesh_0t5t7"]
material = SubResource("StandardMaterial3D_vv4ql")
top_radius = 0.4
bottom_radius = 0.4
height = 0.25

[sub_resource type="CameraAttributesPractical" id="CameraAttributesPractical_0yucu"]
dof_blur_far_enabled = true
dof_blur_far_distance = 150.0
dof_blur_far_transition = 200.0

[node name="Jugador" type="VehicleBody3D" node_paths=PackedStringArray("salto", "miraUno", "miraDos", "balasBarra", "vidaBarra", "nombreEtiqueta", "puntosEtiqueta", "temporizadorEtiqueta", "comprobacionUno", "comprobacionDos")]
collision_layer = 3
mass = 1500.0
script = ExtResource("1_yjxlo")
salto = NodePath("Salto")
miraUno = NodePath("Mira 1")
miraDos = NodePath("Mira 2")
balasBarra = NodePath("Camara/Interfas de jugador/Balas")
vidaBarra = NodePath("Camara/Interfas de jugador/Vida")
nombreEtiqueta = NodePath("Camara/Interfas de jugador/Nombre")
puntosEtiqueta = NodePath("Camara/Interfas de jugador/Puntos")
temporizadorEtiqueta = NodePath("Camara/Interfas de jugador/Temporizador")
comprobacionUno = NodePath("Comprobacion 1")
comprobacionDos = NodePath("Comprobacion 2")

[node name="Cuerpo" type="MeshInstance3D" parent="."]
transform = Transform3D(1, 0, 0, 0, 1, 0, 0, 0, 1, 0, 0.4, 0)
material_override = SubResource("StandardMaterial3D_gk7n0")
mesh = SubResource("BoxMesh_r2inl")

[node name="Cañon 1" type="MeshInstance3D" parent="Cuerpo"]
transform = Transform3D(1, 0, 0, 0, -4.37114e-08, -1, 0, 1, -4.37114e-08, -0.8, 0.2, 1)
mesh = SubResource("CylinderMesh_5c6bg")
skeleton = NodePath("../..")

[node name="Cañon 2" type="MeshInstance3D" parent="Cuerpo"]
transform = Transform3D(1, 0, 0, 0, -4.37114e-08, -1, 0, 1, -4.37114e-08, 0.8, 0.2, 1)
mesh = SubResource("CylinderMesh_5c6bg")
skeleton = NodePath("../..")

[node name="Colisiones cuerpo" type="CollisionShape3D" parent="."]
transform = Transform3D(1, 0, 0, 0, 1, 0, 0, 0, 1, 0, 0.4, 0)
shape = SubResource("ConvexPolygonShape3D_qhuj8")

[node name="Rueda 1" type="VehicleWheel3D" parent="."]
transform = Transform3D(1, 0, 0, 0, 1, 0, 0, 0, 1, 0.8, 0, 1)
use_as_steering = true
wheel_roll_influence = 0.0
wheel_radius = 0.4
suspension_travel = 0.5
suspension_stiffness = 200.0
suspension_max_force = 12000.0
damping_compression = 1.33
damping_relaxation = 1.38

[node name="MeshInstance3D" type="MeshInstance3D" parent="Rueda 1"]
transform = Transform3D(-4.37114e-08, -1, 0, 1, -4.37114e-08, 0, 0, 0, 1, 0, 0, 0)
mesh = SubResource("CylinderMesh_0t5t7")

[node name="Rueda 2" type="VehicleWheel3D" parent="."]
transform = Transform3D(1, 0, 0, 0, 1, 0, 0, 0, 1, -0.8, 0, 1)
use_as_steering = true
wheel_roll_influence = 0.0
wheel_radius = 0.4
suspension_travel = 0.5
suspension_stiffness = 200.0
suspension_max_force = 12000.0
damping_compression = 1.33
damping_relaxation = 1.38

[node name="MeshInstance3D" type="MeshInstance3D" parent="Rueda 2"]
transform = Transform3D(-4.37114e-08, -1, 0, 1, -4.37114e-08, 0, 0, 0, 1, 0, 0, 0)
mesh = SubResource("CylinderMesh_0t5t7")

[node name="Rueda 3" type="VehicleWheel3D" parent="."]
transform = Transform3D(1, 0, 0, 0, 1, 0, 0, 0, 1, 0.8, 0, -1)
use_as_traction = true
wheel_roll_influence = 0.0
wheel_radius = 0.4
suspension_travel = 0.5
suspension_stiffness = 200.0
suspension_max_force = 12000.0
damping_compression = 1.33
damping_relaxation = 1.38

[node name="MeshInstance3D" type="MeshInstance3D" parent="Rueda 3"]
transform = Transform3D(-4.37114e-08, -1, 0, 1, -4.37114e-08, 0, 0, 0, 1, 0, 0, 0)
mesh = SubResource("CylinderMesh_0t5t7")

[node name="Rueda 4" type="VehicleWheel3D" parent="."]
transform = Transform3D(1, 0, 0, 0, 1, 0, 0, 0, 1, -0.8, 0, -1)
use_as_traction = true
wheel_roll_influence = 0.0
wheel_radius = 0.4
suspension_travel = 0.5
suspension_stiffness = 200.0
suspension_max_force = 12000.0
damping_compression = 1.33
damping_relaxation = 1.38

[node name="MeshInstance3D" type="MeshInstance3D" parent="Rueda 4"]
transform = Transform3D(-4.37114e-08, -1, 0, 1, -4.37114e-08, 0, 0, 0, 1, 0, 0, 0)
mesh = SubResource("CylinderMesh_0t5t7")

[node name="Salto" type="RayCast3D" parent="."]
transform = Transform3D(1, 0, 0, 0, 1, 0, 0, 0, 1, 0, -0.1, 0)
target_position = Vector3(0, -0.5, 0)

[node name="Comprobacion 1" type="RayCast3D" parent="."]
transform = Transform3D(1, 0, 0, 0, 1, 0, 0, 0, 1, 0, -0.1, -1)
target_position = Vector3(0, -0.5, 0)

[node name="Comprobacion 2" type="RayCast3D" parent="."]
transform = Transform3D(1, 0, 0, 0, 1, 0, 0, 0, 1, 0, -0.1, 1)
target_position = Vector3(0, -0.5, 0)

[node name="Mira 1" type="Marker3D" parent="."]
transform = Transform3D(0.999962, 0, 0.00872654, 0, 1, 0, -0.00872654, 0, 0.999962, -0.8, 0.6, 2.25)

[node name="Mira 2" type="Marker3D" parent="."]
transform = Transform3D(0.999962, 0, -0.00872654, 0, 1, 0, 0.00872654, 0, 0.999962, 0.8, 0.6, 2.25)

[node name="Camara" type="Camera3D" parent="."]
transform = Transform3D(-1, 1.51808e-08, -8.60946e-08, 0, 0.984808, 0.173648, 8.74228e-08, 0.173648, -0.984808, 0, 4, -8)
attributes = SubResource("CameraAttributesPractical_0yucu")
current = true
far = 750.0

[node name="Interfas de jugador" parent="Camara" instance=ExtResource("2_l0j8a")]

[node name="Reseptor jugador" type="Area3D" parent="."]

[node name="Colisiones cuerpo2" type="CollisionShape3D" parent="Reseptor jugador"]
transform = Transform3D(1, 0, 0, 0, 1, 0, 0, 0, 1, 0, 0.4, 0)
shape = SubResource("ConvexPolygonShape3D_qhuj8")

[node name="Sonidos" type="Node" parent="."]

[node name="Vida" type="AudioStreamPlayer" parent="Sonidos"]
stream = ExtResource("3_fw710")

[node name="Tiro" type="AudioStreamPlayer" parent="Sonidos"]
stream = ExtResource("4_gx2kj")

[node name="Carga" type="AudioStreamPlayer" parent="Sonidos"]
stream = ExtResource("5_akdmt")

[node name="Daño" type="AudioStreamPlayer" parent="Sonidos"]
stream = ExtResource("6_851bx")
volume_db = 15.0

[node name="Meta" type="AudioStreamPlayer" parent="Sonidos"]
stream = ExtResource("7_mbwck")

[node name="Salto" type="AudioStreamPlayer" parent="Sonidos"]
stream = ExtResource("8_4a2fl")

[node name="Reinicio" type="AudioStreamPlayer" parent="Sonidos"]
stream = ExtResource("9_uivnq")

[node name="Reinicio2" type="AudioStreamPlayer" parent="Sonidos"]
stream = ExtResource("9_uivnq")

[connection signal="area_entered" from="Reseptor jugador" to="." method="_on_señales_area_entered"]

[editable path="Camara/Interfas de jugador"]
