[gd_scene load_steps=9 format=3 uid="uid://bn1cvq5eym8v5"]

[ext_resource type="Script" path="res://Componentes/Codigos/pantalla_dos_jugadores.gd" id="1_4esia"]
[ext_resource type="PackedScene" uid="uid://bu5aetfiesdwl" path="res://Componentes/Prefabricados/jugador.tscn" id="1_gkvkt"]
[ext_resource type="FontFile" uid="uid://c2p74yrk5ivua" path="res://Componentes/Fuentes/Venite Adoremus.otf" id="2_djsjn"]
[ext_resource type="PackedScene" uid="uid://bpcqqtdr68e5o" path="res://Componentes/Prefabricados/jugador_dos.tscn" id="2_wl4lo"]
[ext_resource type="Script" path="res://Componentes/Codigos/Interfas_pausa.gd" id="5_2cwg3"]
[ext_resource type="AudioStream" uid="uid://dqhtq5cew8kal" path="res://addons/kenney_interface_sounds/confirmation_001.wav" id="5_45tcy"]

[sub_resource type="Theme" id="Theme_vcmj3"]
default_font = ExtResource("2_djsjn")
default_font_size = 50
Button/colors/font_hover_color = Color(0.94902, 0, 0, 1)
Button/colors/font_outline_color = Color(0, 0, 0, 1)
Button/constants/outline_size = 10
Label/colors/font_outline_color = Color(0, 0, 0, 1)
Label/constants/outline_size = 10

[sub_resource type="StyleBoxFlat" id="StyleBoxFlat_hnumm"]
bg_color = Color(0.196078, 0.196078, 0.196078, 0.588235)
border_width_left = 20
border_width_top = 20
border_width_right = 20
border_width_bottom = 20
border_color = Color(0, 0, 1, 1)

[node name="Pantalla jugadores" type="Control" node_paths=PackedStringArray("gana", "ganador", "nombre")]
layout_mode = 3
anchors_preset = 15
anchor_right = 1.0
anchor_bottom = 1.0
grow_horizontal = 2
grow_vertical = 2
script = ExtResource("1_4esia")
gana = NodePath("Gana")
ganador = NodePath("Gana/Ganador")
nombre = NodePath("Gana/Jugador")

[node name="Gana" type="Panel" parent="."]
top_level = true
layout_mode = 1
anchors_preset = 15
anchor_right = 1.0
anchor_bottom = 1.0
grow_horizontal = 2
grow_vertical = 2
theme = SubResource("Theme_vcmj3")
theme_override_styles/panel = SubResource("StyleBoxFlat_hnumm")

[node name="Ganador" type="Label" parent="Gana"]
layout_mode = 1
anchors_preset = 5
anchor_left = 0.5
anchor_right = 0.5
offset_left = -141.0
offset_top = 120.0
offset_right = 141.0
offset_bottom = 176.0
grow_horizontal = 2
text = "Ganador"

[node name="Jugador" type="Label" parent="Gana"]
layout_mode = 1
anchors_preset = 8
anchor_left = 0.5
anchor_top = 0.5
anchor_right = 0.5
anchor_bottom = 0.5
offset_left = -133.5
offset_top = -148.0
offset_right = 133.5
offset_bottom = -92.0
grow_horizontal = 2
grow_vertical = 2
text = "Jugador"

[node name="Salir" type="Button" parent="Gana"]
layout_mode = 1
anchors_preset = 2
anchor_top = 1.0
anchor_bottom = 1.0
offset_left = 100.0
offset_top = -164.0
offset_right = 334.0
offset_bottom = -100.0
grow_vertical = 0
text = "Salir
"

[node name="Reintentar" type="Button" parent="Gana"]
layout_mode = 1
anchors_preset = 3
anchor_left = 1.0
anchor_top = 1.0
anchor_right = 1.0
anchor_bottom = 1.0
offset_left = -479.0
offset_top = -164.0
offset_right = -100.0
offset_bottom = -100.0
grow_horizontal = 0
grow_vertical = 0
text = "Reintentar
"

[node name="Jugadores" type="VBoxContainer" parent="."]
layout_mode = 1
anchors_preset = 15
anchor_right = 1.0
anchor_bottom = 1.0
grow_horizontal = 2
grow_vertical = 2
theme_override_constants/separation = 0

[node name="Jugador 1" type="SubViewportContainer" parent="Jugadores"]
layout_mode = 2
size_flags_vertical = 3
stretch = true

[node name="Jugador 1" type="SubViewport" parent="Jugadores/Jugador 1"]
handle_input_locally = false
size = Vector2i(1152, 324)
render_target_update_mode = 4

[node name="Jugador" parent="Jugadores/Jugador 1/Jugador 1" instance=ExtResource("1_gkvkt")]
transform = Transform3D(1, 0, 0, 0, 1, 0, 0, 0, 1, 3, 0.4, 0)

[node name="Jugador 2" type="SubViewportContainer" parent="Jugadores"]
layout_mode = 2
size_flags_vertical = 3
stretch = true

[node name="Jugador 2" type="SubViewport" parent="Jugadores/Jugador 2"]
handle_input_locally = false
size = Vector2i(1152, 324)
render_target_update_mode = 4

[node name="Jugador" parent="Jugadores/Jugador 2/Jugador 2" instance=ExtResource("2_wl4lo")]
transform = Transform3D(1, 0, 0, 0, 1, 0, 0, 0, 1, -3, 0.4, 0)

[node name="Inico" type="Label" parent="."]
layout_mode = 1
anchors_preset = 8
anchor_left = 0.5
anchor_top = 0.5
anchor_right = 0.5
anchor_bottom = 0.5
offset_left = -89.0
offset_top = -109.5
offset_right = 89.0
offset_bottom = 109.5
grow_horizontal = 2
grow_vertical = 2
theme_override_colors/font_outline_color = Color(0, 0, 0, 1)
theme_override_constants/outline_size = 10
theme_override_fonts/font = ExtResource("2_djsjn")
theme_override_font_sizes/font_size = 200
text = "3"
horizontal_alignment = 1
vertical_alignment = 1

[node name="Pausa" type="Panel" parent="."]
process_mode = 3
layout_mode = 1
anchors_preset = 15
anchor_right = 1.0
anchor_bottom = 1.0
grow_horizontal = 2
grow_vertical = 2
theme_override_styles/panel = SubResource("StyleBoxFlat_hnumm")
script = ExtResource("5_2cwg3")
menuInicio = "res://Componentes/Esenas/menu_inicio.tscn"

[node name="Volver" type="Button" parent="Pausa"]
layout_mode = 1
anchors_preset = 2
anchor_top = 1.0
anchor_bottom = 1.0
offset_left = 150.0
offset_top = -192.0
offset_right = 261.0
offset_bottom = -150.0
grow_vertical = 0
theme_override_colors/font_pressed_color = Color(1, 0, 0, 1)
theme_override_colors/font_hover_color = Color(1, 0, 0, 1)
theme_override_colors/font_outline_color = Color(0, 0, 0, 1)
theme_override_constants/outline_size = 10
theme_override_fonts/font = ExtResource("2_djsjn")
theme_override_font_sizes/font_size = 30
text = "Volver"

[node name="Salir al menu" type="Button" parent="Pausa"]
layout_mode = 1
anchors_preset = 7
anchor_left = 0.5
anchor_top = 1.0
anchor_right = 0.5
anchor_bottom = 1.0
offset_left = -71.0
offset_top = -192.0
offset_right = 71.0
offset_bottom = -150.0
grow_horizontal = 2
grow_vertical = 0
theme_override_colors/font_pressed_color = Color(1, 0, 0, 1)
theme_override_colors/font_hover_color = Color(1, 0, 0, 1)
theme_override_colors/font_outline_color = Color(0, 0, 0, 1)
theme_override_constants/outline_size = 10
theme_override_fonts/font = ExtResource("2_djsjn")
theme_override_font_sizes/font_size = 30
text = "Salir"

[node name="Reiniciar" type="Button" parent="Pausa"]
layout_mode = 1
anchors_preset = 3
anchor_left = 1.0
anchor_top = 1.0
anchor_right = 1.0
anchor_bottom = 1.0
offset_left = -338.0
offset_top = -192.0
offset_right = -150.0
offset_bottom = -150.0
grow_horizontal = 0
grow_vertical = 0
theme_override_colors/font_pressed_color = Color(1, 0, 0, 1)
theme_override_colors/font_hover_color = Color(1, 0, 0, 1)
theme_override_colors/font_outline_color = Color(0, 0, 0, 1)
theme_override_constants/outline_size = 10
theme_override_fonts/font = ExtResource("2_djsjn")
theme_override_font_sizes/font_size = 30
text = "Reiniciar"

[node name="En pausa" type="Label" parent="Pausa"]
layout_mode = 1
anchors_preset = 5
anchor_left = 0.5
anchor_right = 0.5
offset_left = -100.0
offset_top = 200.0
offset_right = 100.0
offset_bottom = 256.0
grow_horizontal = 2
theme_override_colors/font_outline_color = Color(0, 0, 0, 1)
theme_override_constants/outline_size = 10
theme_override_fonts/font = ExtResource("2_djsjn")
theme_override_font_sizes/font_size = 50
text = "Pausa"

[node name="Aseptar" type="AudioStreamPlayer" parent="."]
process_mode = 3
stream = ExtResource("5_45tcy")

[connection signal="pressed" from="Gana/Salir" to="." method="_on_volver_pressed"]
[connection signal="pressed" from="Gana/Reintentar" to="." method="_on_reintentar_pressed"]
[connection signal="pressed" from="Pausa/Volver" to="Pausa" method="_on_salir_pressed"]
[connection signal="pressed" from="Pausa/Salir al menu" to="Pausa" method="_on_salir_al_menu_pressed"]
[connection signal="pressed" from="Pausa/Reiniciar" to="Pausa" method="_on_reiniciar_pressed"]
