[gd_scene load_steps=53 format=3 uid="uid://c75ybm03qj17i"]

[ext_resource type="Material" uid="uid://dj0lnvyc64oye" path="res://Componentes/Materiales/Paredes.tres" id="1_c27k0"]
[ext_resource type="Script" path="res://Componentes/Codigos/mapa_1.gd" id="1_cpq3o"]
[ext_resource type="Material" uid="uid://clb2gmaclo8o1" path="res://Componentes/Materiales/Piso.tres" id="2_6xfp3"]
[ext_resource type="PackedScene" uid="uid://bay85t8xjtorv" path="res://Componentes/Prefabricados/cargador.tscn" id="2_gth07"]
[ext_resource type="PackedScene" uid="uid://bpehawb2j2vw5" path="res://Componentes/Prefabricados/vida.tscn" id="3_mq8rn"]
[ext_resource type="PackedScene" uid="uid://bn1cvq5eym8v5" path="res://Componentes/Prefabricados/pantalla_dos_jugadores.tscn" id="4_23hkx"]
[ext_resource type="PackedScene" uid="uid://diohfp1758g8v" path="res://Componentes/Prefabricados/meta.tscn" id="5_egkpe"]
[ext_resource type="PackedScene" uid="uid://550stvxq0yi1" path="res://Componentes/Prefabricados/cono.tscn" id="6_0robf"]
[ext_resource type="Material" uid="uid://c0vwog4b20b5e" path="res://Componentes/Materiales/base_azul.tres" id="6_qyrd6"]
[ext_resource type="PackedScene" uid="uid://dencx36d3nsol" path="res://Componentes/Prefabricados/bloqueo.tscn" id="7_4oa0d"]
[ext_resource type="Texture2D" uid="uid://baa4o2d4wpffr" path="res://Componentes/Textures/logo_yellow_512x512.png" id="7_7i03e"]
[ext_resource type="PackedScene" uid="uid://cncw35gogwdfq" path="res://Componentes/Prefabricados/pantalla_tres_y_cuatro_jugadores.tscn" id="8_bk3tx"]
[ext_resource type="Texture2D" uid="uid://dxs1wkne8ctlk" path="res://Componentes/Textures/logo_red_512x512.png" id="9_kni1s"]
[ext_resource type="AudioStream" uid="uid://dldicersied26" path="res://Componentes/Audio/Car-Theft-101.mp3" id="10_00y1v"]
[ext_resource type="Texture2D" uid="uid://cxe6qoky34ibt" path="res://Componentes/Textures/logo_lime_512x512.png" id="11_a7dyw"]
[ext_resource type="Script" path="res://Componentes/Codigos/Pausa.gd" id="16_yb0cd"]
[ext_resource type="AudioStream" uid="uid://dqu6rxdwb1op3" path="res://addons/kenney digital audio/power_up_1.ogg" id="17_06o17"]
[ext_resource type="AudioStream" uid="uid://c8jw6f2t4lcjn" path="res://addons/kenney voiceover pack fighter/3.ogg" id="18_yulkb"]
[ext_resource type="AudioStream" uid="uid://0bhius0cvluh" path="res://addons/kenney voiceover pack fighter/2.ogg" id="19_cilid"]
[ext_resource type="AudioStream" uid="uid://d1afwo5fh26dr" path="res://addons/kenney voiceover pack fighter/1.ogg" id="20_mdvtd"]
[ext_resource type="AudioStream" uid="uid://vc645bqtth2g" path="res://addons/kenney voiceover pack fighter/ready.ogg" id="21_5v8pt"]

[sub_resource type="ProceduralSkyMaterial" id="ProceduralSkyMaterial_vrm2s"]
sky_horizon_color = Color(0.64625, 0.65575, 0.67075, 1)
ground_horizon_color = Color(0.64625, 0.65575, 0.67075, 1)

[sub_resource type="Sky" id="Sky_0pwax"]
sky_material = SubResource("ProceduralSkyMaterial_vrm2s")

[sub_resource type="Environment" id="Environment_0leff"]
background_mode = 2
sky = SubResource("Sky_0pwax")
tonemap_mode = 2
glow_enabled = true

[sub_resource type="PlaneMesh" id="PlaneMesh_mhmh2"]
size = Vector2(500, 500)

[sub_resource type="ConcavePolygonShape3D" id="ConcavePolygonShape3D_d4i8h"]
data = PackedVector3Array(250, 0, 250, -250, 0, 250, 250, 0, -250, -250, 0, 250, -250, 0, -250, 250, 0, -250)

[sub_resource type="QuadMesh" id="QuadMesh_r8bji"]
size = Vector2(500, 100)

[sub_resource type="ConcavePolygonShape3D" id="ConcavePolygonShape3D_008cn"]
data = PackedVector3Array(250, -50, 0, -250, -50, 0, 250, 50, 0, -250, -50, 0, -250, 50, 0, 250, 50, 0)

[sub_resource type="ConcavePolygonShape3D" id="ConcavePolygonShape3D_gfsqp"]
data = PackedVector3Array(250, -50, 0, -250, -50, 0, 250, 50, 0, -250, -50, 0, -250, 50, 0, 250, 50, 0)

[sub_resource type="ConcavePolygonShape3D" id="ConcavePolygonShape3D_44qcc"]
data = PackedVector3Array(250, -50, 0, -250, -50, 0, 250, 50, 0, -250, -50, 0, -250, 50, 0, 250, 50, 0)

[sub_resource type="ConcavePolygonShape3D" id="ConcavePolygonShape3D_6c4ua"]
data = PackedVector3Array(250, -50, 0, -250, -50, 0, 250, 50, 0, -250, -50, 0, -250, 50, 0, 250, 50, 0)

[sub_resource type="BoxMesh" id="BoxMesh_imei5"]
size = Vector3(10, 0.2, 10)

[sub_resource type="ConcavePolygonShape3D" id="ConcavePolygonShape3D_mn3cj"]
data = PackedVector3Array(-5, 0.1, 5, 5, 0.1, 5, -5, -0.1, 5, 5, 0.1, 5, 5, -0.1, 5, -5, -0.1, 5, 5, 0.1, -5, -5, 0.1, -5, 5, -0.1, -5, -5, 0.1, -5, -5, -0.1, -5, 5, -0.1, -5, 5, 0.1, 5, 5, 0.1, -5, 5, -0.1, 5, 5, 0.1, -5, 5, -0.1, -5, 5, -0.1, 5, -5, 0.1, -5, -5, 0.1, 5, -5, -0.1, -5, -5, 0.1, 5, -5, -0.1, 5, -5, -0.1, -5, 5, 0.1, 5, -5, 0.1, 5, 5, 0.1, -5, -5, 0.1, 5, -5, 0.1, -5, 5, 0.1, -5, -5, -0.1, 5, 5, -0.1, 5, -5, -0.1, -5, 5, -0.1, 5, 5, -0.1, -5, -5, -0.1, -5)

[sub_resource type="StandardMaterial3D" id="StandardMaterial3D_e1m74"]
shading_mode = 2
diffuse_mode = 3
specular_mode = 1
disable_ambient_light = true
albedo_color = Color(1, 0.956863, 1, 1)
albedo_texture = ExtResource("7_7i03e")
uv1_triplanar = true
uv2_triplanar_sharpness = 0.170755
uv2_world_triplanar = true

[sub_resource type="ConcavePolygonShape3D" id="ConcavePolygonShape3D_wpahy"]
data = PackedVector3Array(-5, 0.1, 5, 5, 0.1, 5, -5, -0.1, 5, 5, 0.1, 5, 5, -0.1, 5, -5, -0.1, 5, 5, 0.1, -5, -5, 0.1, -5, 5, -0.1, -5, -5, 0.1, -5, -5, -0.1, -5, 5, -0.1, -5, 5, 0.1, 5, 5, 0.1, -5, 5, -0.1, 5, 5, 0.1, -5, 5, -0.1, -5, 5, -0.1, 5, -5, 0.1, -5, -5, 0.1, 5, -5, -0.1, -5, -5, 0.1, 5, -5, -0.1, 5, -5, -0.1, -5, 5, 0.1, 5, -5, 0.1, 5, 5, 0.1, -5, -5, 0.1, 5, -5, 0.1, -5, 5, 0.1, -5, -5, -0.1, 5, 5, -0.1, 5, -5, -0.1, -5, 5, -0.1, 5, 5, -0.1, -5, -5, -0.1, -5)

[sub_resource type="StandardMaterial3D" id="StandardMaterial3D_1ralc"]
shading_mode = 2
diffuse_mode = 3
specular_mode = 1
disable_ambient_light = true
albedo_texture = ExtResource("9_kni1s")
uv1_triplanar = true

[sub_resource type="BoxMesh" id="BoxMesh_13b23"]
size = Vector3(10, 0.2, 10)

[sub_resource type="ConcavePolygonShape3D" id="ConcavePolygonShape3D_jbeye"]
data = PackedVector3Array(-5, 0.1, 5, 5, 0.1, 5, -5, -0.1, 5, 5, 0.1, 5, 5, -0.1, 5, -5, -0.1, 5, 5, 0.1, -5, -5, 0.1, -5, 5, -0.1, -5, -5, 0.1, -5, -5, -0.1, -5, 5, -0.1, -5, 5, 0.1, 5, 5, 0.1, -5, 5, -0.1, 5, 5, 0.1, -5, 5, -0.1, -5, 5, -0.1, 5, -5, 0.1, -5, -5, 0.1, 5, -5, -0.1, -5, -5, 0.1, 5, -5, -0.1, 5, -5, -0.1, -5, 5, 0.1, 5, -5, 0.1, 5, 5, 0.1, -5, -5, 0.1, 5, -5, 0.1, -5, 5, 0.1, -5, -5, -0.1, 5, 5, -0.1, 5, -5, -0.1, -5, 5, -0.1, 5, 5, -0.1, -5, -5, -0.1, -5)

[sub_resource type="StandardMaterial3D" id="StandardMaterial3D_e8xve"]
shading_mode = 2
diffuse_mode = 3
specular_mode = 1
disable_ambient_light = true
albedo_texture = ExtResource("11_a7dyw")
uv1_triplanar = true

[sub_resource type="ConcavePolygonShape3D" id="ConcavePolygonShape3D_wipa0"]
data = PackedVector3Array(-5, 0.1, 5, 5, 0.1, 5, -5, -0.1, 5, 5, 0.1, 5, 5, -0.1, 5, -5, -0.1, 5, 5, 0.1, -5, -5, 0.1, -5, 5, -0.1, -5, -5, 0.1, -5, -5, -0.1, -5, 5, -0.1, -5, 5, 0.1, 5, 5, 0.1, -5, 5, -0.1, 5, 5, 0.1, -5, 5, -0.1, -5, 5, -0.1, 5, -5, 0.1, -5, -5, 0.1, 5, -5, -0.1, -5, -5, 0.1, 5, -5, -0.1, 5, -5, -0.1, -5, 5, 0.1, 5, -5, 0.1, 5, 5, 0.1, -5, -5, 0.1, 5, -5, 0.1, -5, 5, 0.1, -5, -5, -0.1, 5, 5, -0.1, 5, -5, -0.1, -5, 5, -0.1, 5, 5, -0.1, -5, -5, -0.1, -5)

[sub_resource type="Curve3D" id="Curve3D_wk6g0"]
_data = {
"points": PackedVector3Array(0, 0, 0, 0, 0, 0, -150, 10.65, 0, 0, 0, 0, 0, 0, 0, 150, 10.65, 0),
"tilts": PackedFloat32Array(0, 0)
}
point_count = 2

[sub_resource type="BoxMesh" id="BoxMesh_ow285"]
size = Vector3(20, 10, 100)

[sub_resource type="PrismMesh" id="PrismMesh_2sauf"]
left_to_right = 2.0
size = Vector3(40, 10, 20)

[sub_resource type="ConcavePolygonShape3D" id="ConcavePolygonShape3D_52sk2"]
data = PackedVector3Array(60, 5, 10, 20, -5, 10, -20, -5, 10, 60, 5, -10, -20, -5, -10, 20, -5, -10, 60, 5, 10, 60, 5, -10, 20, -5, 10, 60, 5, -10, 20, -5, -10, 20, -5, 10, 60, 5, -10, 60, 5, 10, -20, -5, -10, 60, 5, 10, -20, -5, 10, -20, -5, -10, -20, -5, 10, 20, -5, 10, -20, -5, -10, 20, -5, 10, 20, -5, -10, -20, -5, -10)

[sub_resource type="ConcavePolygonShape3D" id="ConcavePolygonShape3D_6jjwg"]
data = PackedVector3Array(-10, 5, 50, 10, 5, 50, -10, -5, 50, 10, 5, 50, 10, -5, 50, -10, -5, 50, 10, 5, -50, -10, 5, -50, 10, -5, -50, -10, 5, -50, -10, -5, -50, 10, -5, -50, 10, 5, 50, 10, 5, -50, 10, -5, 50, 10, 5, -50, 10, -5, -50, 10, -5, 50, -10, 5, -50, -10, 5, 50, -10, -5, -50, -10, 5, 50, -10, -5, 50, -10, -5, -50, 10, 5, 50, -10, 5, 50, 10, 5, -50, -10, 5, 50, -10, 5, -50, 10, 5, -50, -10, -5, 50, 10, -5, 50, -10, -5, -50, 10, -5, 50, 10, -5, -50, -10, -5, -50)

[sub_resource type="BoxMesh" id="BoxMesh_rlb08"]
size = Vector3(130, 4, 40)

[sub_resource type="ConcavePolygonShape3D" id="ConcavePolygonShape3D_jpkym"]
data = PackedVector3Array(-65, 2, 20, 65, 2, 20, -65, -2, 20, 65, 2, 20, 65, -2, 20, -65, -2, 20, 65, 2, -20, -65, 2, -20, 65, -2, -20, -65, 2, -20, -65, -2, -20, 65, -2, -20, 65, 2, 20, 65, 2, -20, 65, -2, 20, 65, 2, -20, 65, -2, -20, 65, -2, 20, -65, 2, -20, -65, 2, 20, -65, -2, -20, -65, 2, 20, -65, -2, 20, -65, -2, -20, 65, 2, 20, -65, 2, 20, 65, 2, -20, -65, 2, 20, -65, 2, -20, 65, 2, -20, -65, -2, 20, 65, -2, 20, -65, -2, -20, 65, -2, 20, 65, -2, -20, -65, -2, -20)

[sub_resource type="ConcavePolygonShape3D" id="ConcavePolygonShape3D_3sk13"]
data = PackedVector3Array(-65, 2, 20, 65, 2, 20, -65, -2, 20, 65, 2, 20, 65, -2, 20, -65, -2, 20, 65, 2, -20, -65, 2, -20, 65, -2, -20, -65, 2, -20, -65, -2, -20, 65, -2, -20, 65, 2, 20, 65, 2, -20, 65, -2, 20, 65, 2, -20, 65, -2, -20, 65, -2, 20, -65, 2, -20, -65, 2, 20, -65, -2, -20, -65, 2, 20, -65, -2, 20, -65, -2, -20, 65, 2, 20, -65, 2, 20, 65, 2, -20, -65, 2, 20, -65, 2, -20, 65, 2, -20, -65, -2, 20, 65, -2, 20, -65, -2, -20, 65, -2, 20, 65, -2, -20, -65, -2, -20)

[sub_resource type="BoxMesh" id="BoxMesh_htimx"]
size = Vector3(20, 4, 50)

[sub_resource type="ConcavePolygonShape3D" id="ConcavePolygonShape3D_eq6ey"]
data = PackedVector3Array(-10, 2, 25, 10, 2, 25, -10, -2, 25, 10, 2, 25, 10, -2, 25, -10, -2, 25, 10, 2, -25, -10, 2, -25, 10, -2, -25, -10, 2, -25, -10, -2, -25, 10, -2, -25, 10, 2, 25, 10, 2, -25, 10, -2, 25, 10, 2, -25, 10, -2, -25, 10, -2, 25, -10, 2, -25, -10, 2, 25, -10, -2, -25, -10, 2, 25, -10, -2, 25, -10, -2, -25, 10, 2, 25, -10, 2, 25, 10, 2, -25, -10, 2, 25, -10, 2, -25, 10, 2, -25, -10, -2, 25, 10, -2, 25, -10, -2, -25, 10, -2, 25, 10, -2, -25, -10, -2, -25)

[sub_resource type="BoxMesh" id="BoxMesh_2xjun"]
size = Vector3(40, 6, 40)

[sub_resource type="ConcavePolygonShape3D" id="ConcavePolygonShape3D_xhep7"]
data = PackedVector3Array(-20, 3, 20, 20, 3, 20, -20, -3, 20, 20, 3, 20, 20, -3, 20, -20, -3, 20, 20, 3, -20, -20, 3, -20, 20, -3, -20, -20, 3, -20, -20, -3, -20, 20, -3, -20, 20, 3, 20, 20, 3, -20, 20, -3, 20, 20, 3, -20, 20, -3, -20, 20, -3, 20, -20, 3, -20, -20, 3, 20, -20, -3, -20, -20, 3, 20, -20, -3, 20, -20, -3, -20, 20, 3, 20, -20, 3, 20, 20, 3, -20, -20, 3, 20, -20, 3, -20, 20, 3, -20, -20, -3, 20, 20, -3, 20, -20, -3, -20, 20, -3, 20, 20, -3, -20, -20, -3, -20)

[node name="Mapa 1" type="Node3D" node_paths=PackedStringArray("caminoAlto")]
script = ExtResource("1_cpq3o")
cargadorEsena = ExtResource("2_gth07")
cargadoresMax = 50
vidaEsena = ExtResource("3_mq8rn")
vidasMax = 50
tiempoMaxEnS = 300
pantallaDosjugadores = ExtResource("4_23hkx")
metaEsena = ExtResource("5_egkpe")
caminoAlto = NodePath("Cordenadas altas/Camino alto/Camino a recorer")
conoEsena = ExtResource("6_0robf")
bloqueoEsena = ExtResource("7_4oa0d")
conosMax = 400
bloqueosMax = 200
metaTemp = 15
pantallaTresYCuatroJugadores = ExtResource("8_bk3tx")

[node name="Luz y entorno" type="Node" parent="."]

[node name="WorldEnvironment" type="WorldEnvironment" parent="Luz y entorno"]
environment = SubResource("Environment_0leff")

[node name="DirectionalLight3D" type="DirectionalLight3D" parent="Luz y entorno"]
transform = Transform3D(-0.866025, -0.353553, 0.353553, 0, 0.707107, 0.707107, -0.5, 0.612372, -0.612372, 0, 243, 0)
sky_mode = 1

[node name="Contorno" type="Node" parent="."]

[node name="Piso" type="MeshInstance3D" parent="Contorno"]
material_override = ExtResource("2_6xfp3")
mesh = SubResource("PlaneMesh_mhmh2")
skeleton = NodePath("../..")

[node name="StaticBody3D" type="StaticBody3D" parent="Contorno/Piso"]

[node name="CollisionShape3D" type="CollisionShape3D" parent="Contorno/Piso/StaticBody3D"]
shape = SubResource("ConcavePolygonShape3D_d4i8h")

[node name="Pared 1" type="MeshInstance3D" parent="Contorno"]
transform = Transform3D(1, 0, 0, 0, 1, 0, 0, 0, 1, 0, 50, -250)
material_override = ExtResource("1_c27k0")
gi_mode = 0
mesh = SubResource("QuadMesh_r8bji")

[node name="StaticBody3D" type="StaticBody3D" parent="Contorno/Pared 1"]

[node name="CollisionShape3D" type="CollisionShape3D" parent="Contorno/Pared 1/StaticBody3D"]
shape = SubResource("ConcavePolygonShape3D_008cn")

[node name="Pared 2" type="MeshInstance3D" parent="Contorno"]
transform = Transform3D(-1, 0, -8.74228e-08, 0, 1, 0, 8.74228e-08, 0, -1, 0, 50, 250)
material_override = ExtResource("1_c27k0")
gi_mode = 0
mesh = SubResource("QuadMesh_r8bji")

[node name="StaticBody3D" type="StaticBody3D" parent="Contorno/Pared 2"]

[node name="CollisionShape3D" type="CollisionShape3D" parent="Contorno/Pared 2/StaticBody3D"]
shape = SubResource("ConcavePolygonShape3D_gfsqp")

[node name="Pared 3" type="MeshInstance3D" parent="Contorno"]
transform = Transform3D(-4.37114e-08, 0, -1, 0, 1, 0, 1, 0, -4.37114e-08, 250, 50, 0)
material_override = ExtResource("1_c27k0")
gi_mode = 0
mesh = SubResource("QuadMesh_r8bji")

[node name="StaticBody3D" type="StaticBody3D" parent="Contorno/Pared 3"]

[node name="CollisionShape3D" type="CollisionShape3D" parent="Contorno/Pared 3/StaticBody3D"]
shape = SubResource("ConcavePolygonShape3D_44qcc")

[node name="Pared 4" type="MeshInstance3D" parent="Contorno"]
transform = Transform3D(-4.37114e-08, 0, 1, 0, 1, 0, -1, 0, -4.37114e-08, -250, 50, 0)
material_override = ExtResource("1_c27k0")
gi_mode = 0
mesh = SubResource("QuadMesh_r8bji")

[node name="StaticBody3D" type="StaticBody3D" parent="Contorno/Pared 4"]

[node name="CollisionShape3D" type="CollisionShape3D" parent="Contorno/Pared 4/StaticBody3D"]
shape = SubResource("ConcavePolygonShape3D_6c4ua")

[node name="Bases" type="Node" parent="."]

[node name="Base azul" type="MeshInstance3D" parent="Bases"]
transform = Transform3D(1, 0, 0, 0, 1, 0, 0, 0, 1, 245, 0.1, 245)
material_override = ExtResource("6_qyrd6")
mesh = SubResource("BoxMesh_imei5")
skeleton = NodePath("../../Luz y entorno")

[node name="Posision 1" type="Marker3D" parent="Bases/Base azul"]
transform = Transform3D(-1, 0, -8.74228e-08, 0, 1, 0, 8.74228e-08, 0, -1, 0, 0.7, 0)

[node name="StaticBody3D" type="StaticBody3D" parent="Bases/Base azul"]

[node name="CollisionShape3D" type="CollisionShape3D" parent="Bases/Base azul/StaticBody3D"]
shape = SubResource("ConcavePolygonShape3D_mn3cj")

[node name="Base amarilla" type="MeshInstance3D" parent="Bases"]
transform = Transform3D(1, 0, 0, 0, 1, 0, 0, 0, 1, 245, 0.1, -245)
material_override = SubResource("StandardMaterial3D_e1m74")
mesh = SubResource("BoxMesh_imei5")
skeleton = NodePath("../../Luz y entorno")

[node name="Posision 4" type="Marker3D" parent="Bases/Base amarilla"]
transform = Transform3D(1, 0, 0, 0, 1, 0, 0, 0, 1, 0, 0.7, 0)

[node name="StaticBody3D" type="StaticBody3D" parent="Bases/Base amarilla"]

[node name="CollisionShape3D" type="CollisionShape3D" parent="Bases/Base amarilla/StaticBody3D"]
shape = SubResource("ConcavePolygonShape3D_wpahy")

[node name="Base roja" type="MeshInstance3D" parent="Bases"]
transform = Transform3D(1, 0, 0, 0, 1, 0, 0, 0, 1, -245, 0.1, -245)
material_override = SubResource("StandardMaterial3D_1ralc")
mesh = SubResource("BoxMesh_13b23")
skeleton = NodePath("../..")

[node name="Posicion 2" type="Marker3D" parent="Bases/Base roja"]
transform = Transform3D(-4.37114e-08, 0, 1, 0, 1, 0, -1, 0, -4.37114e-08, 0, 0.7, 0)

[node name="StaticBody3D" type="StaticBody3D" parent="Bases/Base roja"]

[node name="CollisionShape3D" type="CollisionShape3D" parent="Bases/Base roja/StaticBody3D"]
shape = SubResource("ConcavePolygonShape3D_jbeye")

[node name="Base verde" type="MeshInstance3D" parent="Bases"]
transform = Transform3D(1, 0, 0, 0, 1, 0, 0, 0, 1, -245, 0.1, 245)
material_override = SubResource("StandardMaterial3D_e8xve")
mesh = SubResource("BoxMesh_13b23")
skeleton = NodePath("../..")

[node name="Posicion 3" type="Marker3D" parent="Bases/Base verde"]
transform = Transform3D(-4.37114e-08, 0, 1, 0, 1, 0, -1, 0, -4.37114e-08, 0, 0.7, 0)

[node name="StaticBody3D" type="StaticBody3D" parent="Bases/Base verde"]

[node name="CollisionShape3D" type="CollisionShape3D" parent="Bases/Base verde/StaticBody3D"]
shape = SubResource("ConcavePolygonShape3D_wipa0")

[node name="Cordenadas altas" type="Node" parent="."]

[node name="Camino alto" type="Path3D" parent="Cordenadas altas"]
curve = SubResource("Curve3D_wk6g0")

[node name="Camino a recorer" type="PathFollow3D" parent="Cordenadas altas/Camino alto"]
transform = Transform3D(-4.37114e-08, 0, -1, 0, 1, 0, 1, 0, -4.37114e-08, -150, 10.65, 0)

[node name="Posicion 1" type="Marker3D" parent="Cordenadas altas"]
transform = Transform3D(1, 0, 0, 0, 1, 0, 0, 0, 1, 75, 12.65, 90)

[node name="Posicion 2" type="Marker3D" parent="Cordenadas altas"]
transform = Transform3D(1, 0, 0, 0, 1, 0, 0, 0, 1, -75, 12.65, 90)

[node name="Posicion 3" type="Marker3D" parent="Cordenadas altas"]
transform = Transform3D(1, 0, 0, 0, 1, 0, 0, 0, 1, -75, 12.65, -90)

[node name="Posicion 4" type="Marker3D" parent="Cordenadas altas"]
transform = Transform3D(1, 0, 0, 0, 1, 0, 0, 0, 1, 75, 12.65, -90)

[node name="Estructura sentral" type="Node" parent="."]

[node name="Plataforma alta" type="MeshInstance3D" parent="Estructura sentral"]
transform = Transform3D(1, 0, 0, 0, 1, 0, 0, 0, 1, 0, 5, 0)
material_override = ExtResource("1_c27k0")
mesh = SubResource("BoxMesh_ow285")
skeleton = NodePath("../..")

[node name="Rampa 1" type="MeshInstance3D" parent="Estructura sentral/Plataforma alta"]
transform = Transform3D(-4.37114e-08, 0, 1, 0, 1, 0, -1, 0, -4.37114e-08, 0, 0, 110)
material_override = ExtResource("1_c27k0")
mesh = SubResource("PrismMesh_2sauf")

[node name="StaticBody3D" type="StaticBody3D" parent="Estructura sentral/Plataforma alta/Rampa 1"]

[node name="CollisionShape3D" type="CollisionShape3D" parent="Estructura sentral/Plataforma alta/Rampa 1/StaticBody3D"]
shape = SubResource("ConcavePolygonShape3D_52sk2")

[node name="Rampa 2" type="MeshInstance3D" parent="Estructura sentral/Plataforma alta"]
transform = Transform3D(-4.37114e-08, 0, -1, 0, 1, 0, 1, 0, -4.37114e-08, 0, 0, -110)
material_override = ExtResource("1_c27k0")
mesh = SubResource("PrismMesh_2sauf")

[node name="StaticBody3D" type="StaticBody3D" parent="Estructura sentral/Plataforma alta/Rampa 2"]

[node name="CollisionShape3D" type="CollisionShape3D" parent="Estructura sentral/Plataforma alta/Rampa 2/StaticBody3D"]
shape = SubResource("ConcavePolygonShape3D_52sk2")

[node name="StaticBody3D" type="StaticBody3D" parent="Estructura sentral/Plataforma alta"]

[node name="CollisionShape3D" type="CollisionShape3D" parent="Estructura sentral/Plataforma alta/StaticBody3D"]
shape = SubResource("ConcavePolygonShape3D_6jjwg")

[node name="Plataforma alta2" type="MeshInstance3D" parent="Estructura sentral"]
transform = Transform3D(1, 0, 0, 0, 1, 0, 0, 0, 1, 150, 5, 0)
material_override = ExtResource("1_c27k0")
mesh = SubResource("BoxMesh_ow285")
skeleton = NodePath("../..")

[node name="Rampa 1" type="MeshInstance3D" parent="Estructura sentral/Plataforma alta2"]
transform = Transform3D(-4.37114e-08, 0, 1, 0, 1, 0, -1, 0, -4.37114e-08, 0, 0, 110)
material_override = ExtResource("1_c27k0")
mesh = SubResource("PrismMesh_2sauf")

[node name="StaticBody3D" type="StaticBody3D" parent="Estructura sentral/Plataforma alta2/Rampa 1"]

[node name="CollisionShape3D" type="CollisionShape3D" parent="Estructura sentral/Plataforma alta2/Rampa 1/StaticBody3D"]
shape = SubResource("ConcavePolygonShape3D_52sk2")

[node name="Rampa 2" type="MeshInstance3D" parent="Estructura sentral/Plataforma alta2"]
transform = Transform3D(-4.37114e-08, 0, -1, 0, 1, 0, 1, 0, -4.37114e-08, 0, 0, -110)
material_override = ExtResource("1_c27k0")
mesh = SubResource("PrismMesh_2sauf")

[node name="StaticBody3D" type="StaticBody3D" parent="Estructura sentral/Plataforma alta2/Rampa 2"]

[node name="CollisionShape3D" type="CollisionShape3D" parent="Estructura sentral/Plataforma alta2/Rampa 2/StaticBody3D"]
shape = SubResource("ConcavePolygonShape3D_52sk2")

[node name="StaticBody3D" type="StaticBody3D" parent="Estructura sentral/Plataforma alta2"]

[node name="CollisionShape3D" type="CollisionShape3D" parent="Estructura sentral/Plataforma alta2/StaticBody3D"]
shape = SubResource("ConcavePolygonShape3D_6jjwg")

[node name="Plataforma alta3" type="MeshInstance3D" parent="Estructura sentral"]
transform = Transform3D(1, 0, 0, 0, 1, 0, 0, 0, 1, -150, 5, 0)
material_override = ExtResource("1_c27k0")
mesh = SubResource("BoxMesh_ow285")
skeleton = NodePath("../..")

[node name="Rampa 1" type="MeshInstance3D" parent="Estructura sentral/Plataforma alta3"]
transform = Transform3D(-4.37114e-08, 0, 1, 0, 1, 0, -1, 0, -4.37114e-08, 0, 0, 110)
material_override = ExtResource("1_c27k0")
mesh = SubResource("PrismMesh_2sauf")

[node name="StaticBody3D" type="StaticBody3D" parent="Estructura sentral/Plataforma alta3/Rampa 1"]

[node name="CollisionShape3D" type="CollisionShape3D" parent="Estructura sentral/Plataforma alta3/Rampa 1/StaticBody3D"]
shape = SubResource("ConcavePolygonShape3D_52sk2")

[node name="Rampa 2" type="MeshInstance3D" parent="Estructura sentral/Plataforma alta3"]
transform = Transform3D(-4.37114e-08, 0, -1, 0, 1, 0, 1, 0, -4.37114e-08, 0, 0, -110)
material_override = ExtResource("1_c27k0")
mesh = SubResource("PrismMesh_2sauf")

[node name="StaticBody3D" type="StaticBody3D" parent="Estructura sentral/Plataforma alta3/Rampa 2"]

[node name="CollisionShape3D" type="CollisionShape3D" parent="Estructura sentral/Plataforma alta3/Rampa 2/StaticBody3D"]
shape = SubResource("ConcavePolygonShape3D_52sk2")

[node name="StaticBody3D" type="StaticBody3D" parent="Estructura sentral/Plataforma alta3"]

[node name="CollisionShape3D" type="CollisionShape3D" parent="Estructura sentral/Plataforma alta3/StaticBody3D"]
shape = SubResource("ConcavePolygonShape3D_6jjwg")

[node name="Puente" type="MeshInstance3D" parent="Estructura sentral"]
transform = Transform3D(1, 0, 0, 0, 1, 0, 0, 0, 1, 75, 8, 0)
material_override = ExtResource("1_c27k0")
mesh = SubResource("BoxMesh_rlb08")
skeleton = NodePath("../..")

[node name="StaticBody3D" type="StaticBody3D" parent="Estructura sentral/Puente"]

[node name="CollisionShape3D" type="CollisionShape3D" parent="Estructura sentral/Puente/StaticBody3D"]
shape = SubResource("ConcavePolygonShape3D_jpkym")

[node name="Puente2" type="MeshInstance3D" parent="Estructura sentral"]
transform = Transform3D(1, 0, 0, 0, 1, 0, 0, 0, 1, -75, 8, 0)
material_override = ExtResource("1_c27k0")
mesh = SubResource("BoxMesh_rlb08")
skeleton = NodePath("../..")

[node name="StaticBody3D" type="StaticBody3D" parent="Estructura sentral/Puente2"]

[node name="CollisionShape3D" type="CollisionShape3D" parent="Estructura sentral/Puente2/StaticBody3D"]
shape = SubResource("ConcavePolygonShape3D_3sk13")

[node name="Saliente 1" type="MeshInstance3D" parent="Estructura sentral"]
transform = Transform3D(1, 0, 0, 0, 1, 0, 0, 0, 1, 75, 8, 45)
material_override = ExtResource("1_c27k0")
mesh = SubResource("BoxMesh_htimx")
skeleton = NodePath("../..")

[node name="StaticBody3D" type="StaticBody3D" parent="Estructura sentral/Saliente 1"]

[node name="CollisionShape3D" type="CollisionShape3D" parent="Estructura sentral/Saliente 1/StaticBody3D"]
shape = SubResource("ConcavePolygonShape3D_eq6ey")

[node name="Saliente 3" type="MeshInstance3D" parent="Estructura sentral"]
transform = Transform3D(1, 0, 0, 0, 1, 0, 0, 0, 1, -75, 8, 45)
material_override = ExtResource("1_c27k0")
mesh = SubResource("BoxMesh_htimx")
skeleton = NodePath("../..")

[node name="StaticBody3D" type="StaticBody3D" parent="Estructura sentral/Saliente 3"]

[node name="CollisionShape3D" type="CollisionShape3D" parent="Estructura sentral/Saliente 3/StaticBody3D"]
shape = SubResource("ConcavePolygonShape3D_eq6ey")

[node name="Saliente 4" type="MeshInstance3D" parent="Estructura sentral"]
transform = Transform3D(1, 0, 0, 0, 1, 0, 0, 0, 1, -75, 8, -45)
material_override = ExtResource("1_c27k0")
mesh = SubResource("BoxMesh_htimx")
skeleton = NodePath("../..")

[node name="StaticBody3D" type="StaticBody3D" parent="Estructura sentral/Saliente 4"]

[node name="CollisionShape3D" type="CollisionShape3D" parent="Estructura sentral/Saliente 4/StaticBody3D"]
shape = SubResource("ConcavePolygonShape3D_eq6ey")

[node name="Saliente 2" type="MeshInstance3D" parent="Estructura sentral"]
transform = Transform3D(1, 0, 0, 0, 1, 0, 0, 0, 1, 75, 8, -45)
material_override = ExtResource("1_c27k0")
mesh = SubResource("BoxMesh_htimx")
skeleton = NodePath("../..")

[node name="StaticBody3D" type="StaticBody3D" parent="Estructura sentral/Saliente 2"]

[node name="CollisionShape3D" type="CollisionShape3D" parent="Estructura sentral/Saliente 2/StaticBody3D"]
shape = SubResource("ConcavePolygonShape3D_eq6ey")

[node name="Sona elevada 1" type="MeshInstance3D" parent="Estructura sentral"]
transform = Transform3D(1, 0, 0, 0, 1, 0, 0, 0, 1, 75, 9, 90)
material_override = ExtResource("1_c27k0")
mesh = SubResource("BoxMesh_2xjun")
skeleton = NodePath("../..")

[node name="StaticBody3D" type="StaticBody3D" parent="Estructura sentral/Sona elevada 1"]

[node name="CollisionShape3D" type="CollisionShape3D" parent="Estructura sentral/Sona elevada 1/StaticBody3D"]
shape = SubResource("ConcavePolygonShape3D_xhep7")

[node name="Sona elevada 3" type="MeshInstance3D" parent="Estructura sentral"]
transform = Transform3D(1, 0, 0, 0, 1, 0, 0, 0, 1, -75, 9, 90)
material_override = ExtResource("1_c27k0")
mesh = SubResource("BoxMesh_2xjun")
skeleton = NodePath("../..")

[node name="StaticBody3D" type="StaticBody3D" parent="Estructura sentral/Sona elevada 3"]

[node name="CollisionShape3D" type="CollisionShape3D" parent="Estructura sentral/Sona elevada 3/StaticBody3D"]
shape = SubResource("ConcavePolygonShape3D_xhep7")

[node name="Sona elevada 4" type="MeshInstance3D" parent="Estructura sentral"]
transform = Transform3D(1, 0, 0, 0, 1, 0, 0, 0, 1, -75, 9, -90)
material_override = ExtResource("1_c27k0")
mesh = SubResource("BoxMesh_2xjun")
skeleton = NodePath("../..")

[node name="StaticBody3D" type="StaticBody3D" parent="Estructura sentral/Sona elevada 4"]

[node name="CollisionShape3D" type="CollisionShape3D" parent="Estructura sentral/Sona elevada 4/StaticBody3D"]
shape = SubResource("ConcavePolygonShape3D_xhep7")

[node name="Sona elevada 2" type="MeshInstance3D" parent="Estructura sentral"]
transform = Transform3D(1, 0, 0, 0, 1, 0, 0, 0, 1, 75, 9, -90)
material_override = ExtResource("1_c27k0")
mesh = SubResource("BoxMesh_2xjun")
skeleton = NodePath("../..")

[node name="StaticBody3D" type="StaticBody3D" parent="Estructura sentral/Sona elevada 2"]

[node name="CollisionShape3D" type="CollisionShape3D" parent="Estructura sentral/Sona elevada 2/StaticBody3D"]
shape = SubResource("ConcavePolygonShape3D_xhep7")

[node name="Cargadores" type="Node" parent="."]

[node name="Vidas" type="Node" parent="."]

[node name="Meta" type="Node" parent="."]

[node name="Obstaculos random" type="Node" parent="."]

[node name="Musica" type="AudioStreamPlayer" parent="."]
stream = ExtResource("10_00y1v")
autoplay = true

[node name="Pausa" type="Node" parent="."]
process_mode = 3
script = ExtResource("16_yb0cd")

[node name="Aparicion meta" type="Timer" parent="."]
wait_time = 120.0
one_shot = true

[node name="Sonido" type="AudioStreamPlayer" parent="Aparicion meta"]
stream = ExtResource("17_06o17")

[node name="Cuenta de inicio" type="Timer" parent="."]
wait_time = 4.2
one_shot = true
autostart = true

[node name="Tres" type="AudioStreamPlayer" parent="Cuenta de inicio"]
stream = ExtResource("18_yulkb")

[node name="Dos" type="AudioStreamPlayer" parent="Cuenta de inicio"]
stream = ExtResource("19_cilid")

[node name="Uno" type="AudioStreamPlayer" parent="Cuenta de inicio"]
stream = ExtResource("20_mdvtd")

[node name="Ya" type="AudioStreamPlayer" parent="Cuenta de inicio"]
stream = ExtResource("21_5v8pt")

[connection signal="timeout" from="Aparicion meta" to="." method="_on_aparicion_meta_timeout"]
[connection signal="timeout" from="Cuenta de inicio" to="." method="_on_cuenta_de_inicio_timeout"]
